<?xml version="1.0" encoding="UTF-8"?><record xmlns="http://www.loc.gov/MARC21/slim" xmlns:cinclude="http://apache.org/cocoon/include/1.0" xmlns:zs="http://www.loc.gov/zing/srw/">
  <leader>00946cz  a2200217n  4500</leader>
  <controlfield tag="001">n  86720529 </controlfield>
  <controlfield tag="003">DLC</controlfield>
  <controlfield tag="005">20080319075839.0</controlfield>
  <controlfield tag="008">871202n| acaaaaaan          |a ana      </controlfield>
  <datafield tag="010" ind1=" " ind2=" ">
    <subfield code="a">n  86720529 </subfield>
  </datafield>
  <datafield tag="035" ind1=" " ind2=" ">
    <subfield code="a">(OCoLC)oca01993082</subfield>
  </datafield>
  <datafield tag="040" ind1=" " ind2=" ">
    <subfield code="a">DLC</subfield>
    <subfield code="b">eng</subfield>
    <subfield code="c">DLC</subfield>
    <subfield code="d">DLC</subfield>
    <subfield code="d">OCoLC</subfield>
  </datafield>
  <datafield tag="130" ind1=" " ind2="0">
    <subfield code="a">Metodicheski razrabotki v pomosht na ideologicheskii︠a︡ aktiv</subfield>
  </datafield>
  <datafield tag="410" ind1="2" ind2=" ">
    <subfield code="a">Institut za propaganda na marksizma-leninizma.</subfield>
    <subfield code="t">Metodicheski razrabotki v pomosht na ideologicheskii︠a︡ aktiv</subfield>
  </datafield>
  <datafield tag="410" ind1="2" ind2=" ">
    <subfield code="a">Bŭlgarska komunisticheska partii︠a︡.</subfield>
    <subfield code="b">Kongres</subfield>
    <subfield code="n">(13th :</subfield>
    <subfield code="d">1986 :</subfield>
    <subfield code="c">Sofia, Bulgaria)</subfield>
    <subfield code="t">Metodicheski razrabotki v pomosht na ideologicheskii︠a︡ aktiv</subfield>
  </datafield>
  <datafield tag="642" ind1=" " ind2=" ">
    <subfield code="a">tema 6</subfield>
    <subfield code="5">DLC</subfield>
  </datafield>
  <datafield tag="643" ind1=" " ind2=" ">
    <subfield code="a">Sofii︠a︡</subfield>
    <subfield code="b">In-t za propaganda na marksizma-leninizma pri Sofiĭskii︠a︡ gradski kom-t na BKP</subfield>
  </datafield>
  <datafield tag="644" ind1=" " ind2=" ">
    <subfield code="a">f</subfield>
    <subfield code="5">DLC</subfield>
  </datafield>
  <datafield tag="645" ind1=" " ind2=" ">
    <subfield code="a">t</subfield>
    <subfield code="5">DLC</subfield>
  </datafield>
  <datafield tag="646" ind1=" " ind2=" ">
    <subfield code="a">s</subfield>
    <subfield code="5">DLC</subfield>
  </datafield>
  <datafield tag="670" ind1=" " ind2=" ">
    <subfield code="a">Velichkov, I. Organizat︠s︡ionnata i ideologicheskata rabota ... 1986:</subfield>
    <subfield code="b">t.p.</subfield>
  </datafield>
</record>